<record><leader>00000cas a22000007a 4500</leader><controlfield tag="001">24648001</controlfield><controlfield tag="008">911030d193019uunyuwr ne      0    0eng d</controlfield><controlfield tag="009">550</controlfield><datafield ind1=" " ind2=" " tag="010"><subfield code="a">sn 91066748 </subfield></datafield><datafield ind1=" " ind2=" " tag="040"><subfield code="a">NYS</subfield><subfield code="b">eng</subfield><subfield code="c">NYS</subfield><subfield code="d">OCLCQ</subfield></datafield><datafield ind1="1" ind2=" " tag="029"><subfield code="a">AU@</subfield><subfield code="b">000025852156</subfield></datafield><datafield ind1=" " ind2=" " tag="042"><subfield code="a">msc</subfield></datafield><datafield ind1="0" ind2="4" tag="245"><subfield code="a">The Guilford news.</subfield></datafield><datafield ind1=" " ind2=" " tag="260"><subfield code="a">Guilford, N.Y. :</subfield><subfield code="b">[H.C. Colwell]</subfield></datafield><datafield ind1=" " ind2=" " tag="300"><subfield code="a">v.</subfield></datafield><datafield ind1=" " ind2=" " tag="310"><subfield code="a">Weekly</subfield></datafield><datafield ind1="0" ind2=" " tag="362"><subfield code="a">Vol. 1, no. 1 (Apr. 3, 1930)-</subfield></datafield><datafield ind1=" " ind2=" " tag="500"><subfield code="a">Editor: Marion Marsh, &lt;1931&gt;.</subfield></datafield><datafield ind1=" " ind2=" " tag="515"><subfield code="a">Suspended for a few days in July, 1930.</subfield></datafield><datafield ind1=" " ind2="4" tag="651"><subfield code="a">Guilford (N.Y.)</subfield><subfield code="v">Newspapers.</subfield></datafield><datafield ind1=" " ind2=" " tag="752"><subfield code="a">United States</subfield><subfield code="b">New York</subfield><subfield code="c">Chenango</subfield><subfield code="d">Guilford.</subfield></datafield></record>